<?xml version="1.0" encoding="UTF-8"?><collection xmlns="http://www.loc.gov/MARC21/slim"><record><leader>00421nam--2200157-i-4500</leader><controlfield tag="001">000039957</controlfield><controlfield tag="002">20161230</controlfield><controlfield tag="005">20170121205057</controlfield><controlfield tag="008">060222s1000------------r-----000-0-eng-d</controlfield><datafield ind1=" " ind2=" " tag="080"><subfield code="a">534</subfield></datafield><datafield ind1=" " ind2=" " tag="100"><subfield code="a">Sacerdote, Gino G</subfield></datafield><datafield ind1=" " ind2=" " tag="245"><subfield code="a">General relations concerning the soud transmission</subfield></datafield><datafield ind1=" " ind2=" " tag="260"><subfield code="a">Torino</subfield><subfield code="b">Inst.Elettrotecnico Nazionale</subfield><subfield code="c">1967</subfield></datafield><datafield ind1=" " ind2=" " tag="300"><subfield code="a">11 p. + 10 Fig</subfield></datafield><datafield ind1=" " ind2=" " tag="852"><subfield code="a">27177</subfield></datafield><datafield ind1=" " ind2=" " tag="CAT"><subfield code="a">SYS</subfield><subfield code="c">20170121</subfield><subfield code="h">205057</subfield></datafield></record></collection>